<?xml version="1.0" encoding="UTF-8" ?>
<collection xmlns:xsi="http://www.w3.org/2001/XMLSchema-instance" xsi:schemaLocation="http://www.loc.gov/MARC21/slim http://www.loc.gov/standards/marcxml/schema/MARC21slim.xsd" xmlns="http://www.loc.gov/MARC21/slim">
   <record>
      <leader>     cam a22        4500</leader>
      <controlfield tag="001">3955844</controlfield>
      <controlfield tag="003">COO</controlfield>
      <controlfield tag="005">20140731212836.0</controlfield>
      <controlfield tag="008">900227s1955    le            00  0 ara  </controlfield>
      <datafield tag="035" ind1=" " ind2=" ">
         <subfield code="a">(OCoLC)60498241</subfield>
      </datafield>
      <datafield tag="035" ind1=" " ind2=" ">
         <subfield code="a">3955844</subfield>
      </datafield>
      <datafield tag="040" ind1=" " ind2=" ">
         <subfield code="d">NIC</subfield>
      </datafield>
      <datafield tag="100" ind1="1" ind2=" ">
         <subfield code="a">Rustum, Asad,</subfield>
         <subfield code="d">1897-1965.</subfield>
      </datafield>
      <datafield tag="245" ind1="1" ind2="0">
         <subfield code="a">Muṣṭalaḥ al-tārīkh :</subfield>
         <subfield code="b">wa-huwa baḥth fī naqd al-uṣūl wa-taḥarrī al-ḥaqāʾiq al-tārīkhīyah wa-iḍāḥuhā wa-ʻaraḍuhā wa-fī mā yuqbilu dhālika fī ʻilm al-ḥadīth /</subfield>
         <subfield code="c">li-muʾallifihi Asad Rustum.</subfield>
      </datafield>
      <datafield tag="250" ind1=" " ind2=" ">
         <subfield code="a">al-Ṭabʻah 3.</subfield>
      </datafield>
      <datafield tag="260" ind1=" " ind2=" ">
         <subfield code="a">Bayrūt :</subfield>
         <subfield code="b">al-Maktabah al-ʻAṣrīyah,</subfield>
         <subfield code="c">[1955?]</subfield>
      </datafield>
      <datafield tag="300" ind1=" " ind2=" ">
         <subfield code="a">8, 138 p. ;</subfield>
         <subfield code="c">24 cm.</subfield>
      </datafield>
      <datafield tag="651" ind1=" " ind2="0">
         <subfield code="a">Arab countries</subfield>
         <subfield code="x">Historiography.</subfield>
      </datafield>
      <datafield tag="948" ind1="2" ind2=" ">
         <subfield code="a">20010305</subfield>
         <subfield code="b">x</subfield>
         <subfield code="d">arc3</subfield>
         <subfield code="e">lts</subfield>
         <subfield code="f">?</subfield>
         <subfield code="h">?</subfield>
      </datafield>
      <datafield tag="903" ind1=" " ind2=" ">
         <subfield code="a">NYUACO</subfield>
         <subfield code="d">20141028</subfield>
         <subfield code="p">31924030988236</subfield>
      </datafield>
      <datafield tag="950" ind1=" " ind2=" ">
         <subfield code="a">DS61.6</subfield>
         <subfield code="b">.R97 1955</subfield>
         <subfield code="v"> </subfield>
      </datafield>
   </record>
</collection>
